@Misc{pat2018:1,
	Author = "Patrick E Simon",
	Title = "Skin Wound Healing: Overview, Hemostasis, Inflammatory Phase",
	Note = "https://emedicine.medscape.com/article/884594-overview",
	year = 2018
}

@article{landen2016transition:2,
	title={Transition from inflammation to proliferation: a critical step during wound healing},
	author={Land{\'e}n, Ning Xu and Li, Dongqing and St{\aa}hle, Mona},
	journal={Cellular and Molecular Life Sciences},
	volume={73},
	number={20},
	pages={3861--3885},
	year={2016},
	publisher={Springer}
}

@article{zhao2016inflammation:3,
	title={Inflammation in chronic wounds},
	author={Zhao, Ruilong and Liang, Helena and Clarke, Elizabeth and Jackson, Christopher and Xue, Meilang},
	journal={International journal of molecular sciences},
	volume={17},
	number={12},
	pages={2085},
	year={2016},
	publisher={Multidisciplinary Digital Publishing Institute}
}

@article{monuteaux2017cross:4,
	title={A cross-sectional study of emergency care utilization and associated costs of violent-related (assault) injuries in the United States},
	author={Monuteaux, Michael C and Fleegler, Eric W and Lee, Lois K},
	journal={Journal of trauma and acute care surgery},
	volume={83},
	number={5S},
	pages={S240--S245},
	year={2017},
	publisher={LWW}
}

@article{kesehata2013riset:5,
	title={Riset kesehatan dasar (RISKESDAS) 2013},
	author={Kesehatan, Departemen},
	journal={Jakarta: Badan Penelitian dan Pengembangan Kesehatan Departemen Kesehatan, Republik Indonesia},
	year={2013}
}

@book{hasilkesehatan2018riset,
	title={Hasil utama riset kesehatan dasar (RISKESDAS) 2018},
	author={Kesehatan, Kementerian},
	address = {Jakarta},
	year={2018}
}

@book{laporankesehatan2018riset,
	title={Laporan Nasional riset kesehatan dasar (RISKESDAS) 2018},
	author={Kesehatan, Kementerian},
	address = {Jakarta},
	year={2018}
}

@article{fard2007assessment:6,
	title={Assessment and treatment of diabetic foot ulcer},
	author={Fard, A Shojaie and Esmaelzadeh, M and Larijani, B},
	journal={International journal of clinical practice},
	volume={61},
	number={11},
	pages={1931--1938},
	year={2007},
	publisher={Wiley Online Library}
}


@article{wild2004global:7,
	title={Global prevalence of diabetes: estimates for the year 2000 and projections for 2030},
	author={Wild, Sarah and Roglic, Gojka and Green, Anders and Sicree, Richard and King, Hilary},
	journal={Diabetes care},
	volume={27},
	number={5},
	pages={1047--1053},
	year={2004},
	publisher={Am Diabetes Assoc}
}


@book{HSE2007:8,
	author = "HSE", 
	year = 2007,
	title = "Wound Management Guidelines",
	address = "USA"
}


@article{brown2018wearable:9,
	title={Wearable technology for chronic wound monitoring: current dressings, advancements, and future prospects},
	author={Brown, Matthew S and Ashley, Brandon and Koh, Ahyeon},
	journal={Frontiers in bioengineering and biotechnology},
	volume={6},
	pages={47},
	year={2018},
	publisher={Frontiers}
}


@article{benbow2016best:10,
	title={Best practice in wound assessment.},
	author={Benbow, Maureen},
	journal={Nursing standard},
	volume={30},
	number={27},
	year={2016}
}


@article{budman2015design:11,
	title={Design of A Smartphone Application for Automated Wound Measurements for Home Care},
	author={Budman, Joshua and Keenahan, Kevin and Acharya, Soumyadipta and Brat, Gabriel A},
	journal={Iproceedings},
	volume={1},
	number={1},
	pages={e16},
	year={2015},
	publisher={JMIR Publications Inc., Toronto, Canada}
}


@article{poon2015algorithms:12,
	title={Algorithms for size and color detection of smartphone images of chronic wounds for healthcare applications},
	author={Poon, Tik Wai Kiral and Friesen, Marcia R},
	journal={IEEE Access},
	volume={3},
	pages={1799--1808},
	year={2015},
	publisher={IEEE}
}


@article{van2010automatic:13,
	title={Automatic colorimetric calibration of human wounds},
	author={Van Poucke, Sven and Vander Haeghen, Yves and Vissers, Kris and Meert, Theo and Jorens, Philippe},
	journal={BMC medical imaging},
	volume={10},
	number={1},
	pages={7},
	year={2010},
	publisher={Springer}
}


@article{wang2014smartphone:14,
	title={Smartphone-based wound assessment system for patients with diabetes},
	author={Wang, Lei and Pedersen, Peder C and Strong, Diane M and Tulu, Bengisu and Agu, Emmanuel and Ignotz, Ronald},
	journal={IEEE Transactions on Biomedical Engineering},
	volume={62},
	number={2},
	pages={477--488},
	year={2014},
	publisher={IEEE}
}


@article{wang2016area:15,
	title={Area determination of diabetic foot ulcer images using a cascaded two-stage SVM-based classification},
	author={Wang, Lei and Pedersen, Peder C and Agu, Emmanuel and Strong, Diane M and Tulu, Bengisu},
	journal={IEEE Transactions on Biomedical Engineering},
	volume={64},
	number={9},
	pages={2098--2109},
	year={2016},
	publisher={IEEE}
}


@article{white2014algorithms:16,
	title={Algorithms for smartphone and tablet image analysis for healthcare applications},
	author={White, Paul JF and Podaima, Blake W and Friesen, Marcia R},
	journal={IEEE Access},
	volume={2},
	pages={831--840},
	year={2014},
	publisher={IEEE}
}


@article{poon2015algorithms:17,
	title={Algorithms for size and color detection of smartphone images of chronic wounds for healthcare applications},
	author={Poon, Tik Wai Kiral and Friesen, Marcia R},
	journal={IEEE Access},
	volume={3},
	pages={1799--1808},
	year={2015},
	publisher={IEEE}
}


@article{gholami2017segmentation:18,
	title={Segmentation and measurement of chronic wounds for bioprinting},
	author={Gholami, Peyman and Ahmadi-pajouh, Mohammad Ali and Abolftahi, Nabiollah and Hamarneh, Ghassan and Kayvanrad, Mohammad},
	journal={IEEE journal of biomedical and health informatics},
	volume={22},
	number={4},
	pages={1269--1277},
	year={2017},
	publisher={IEEE}
}


@article{acton2007biomedical:19,
	title={Biomedical Image Analysis: Segmentation (Synthesis Lectures on Image, Video, \& Multimedia Processing)},
	author={Acton, S and Ray, N},
	journal={Morgan \& Claypool Publishers},
	year={2007}
}


@article{guo2013review:20,
	title={Review of parametric active contour models in image processing},
	author={Guo, Miao and Wang, Zhaobin and Ma, Yide and Xie, Weiying},
	journal={Journal of Convergence Information Technology},
	volume={8},
	number={11},
	pages={248},
	year={2013},
	publisher={Advanced Institutes of Convergence Information Technology}
}


@article{kass1988snakes:21,
	title={Snakes: Active contour models},
	author={Kass, Michael and Witkin, Andrew and Terzopoulos, Demetri},
	journal={International journal of computer vision},
	volume={1},
	number={4},
	pages={321--331},
	year={1988},
	publisher={Springer}
}


@article{xu1998snakes:22,
	title={Snakes, shapes, and gradient vector flow},
	author={Xu, Chenyang and Prince, Jerry L},
	journal={IEEE Transactions on image processing},
	volume={7},
	number={3},
	pages={359--369},
	year={1998},
	publisher={IEEE}
}


@article{abdullah2016robust,
	title={Robust iris segmentation method based on a new active contour force with a noncircular normalization},
	author={Abdullah, Mohammed AM and Dlay, Satnam S and Woo, Wai L and Chambers, Jonathon A},
	journal={IEEE transactions on systems, man, and cybernetics: Systems},
	volume={47},
	number={12},
	pages={3128--3141},
	year={2016},
	publisher={IEEE}
}


@inproceedings{CartasAyala2011GradientVF,
	title={Gradient Vector Flow Snakes},
	author={Alejandro Cartas-Ayala},
	year={2011}
}


@article{abu2013color,
	title={Color based image segmentation using different versions of k-means in two spaces},
	author={Abu Shmmala, Faten and Ashour, Wesam M},
	journal={Color based image segmentation using different versions of k-means in two spaces},
	volume={1},
	number={9},
	year={2013}
}

@article{khattab2014color,
	title={Color image segmentation based on different color space models using automatic GrabCut},
	author={Khattab, Dina and Ebied, Hala Mousher and Hussein, Ashraf Saad and Tolba, Mohamed Fahmy},
	journal={The Scientific World Journal},
	volume={2014},
	year={2014},
	publisher={Hindawi}
}

@article{mohanty2013analysis,
	title={Analysis of color images using cluster based segmentation techniques},
	author={Mohanty, Amrita and Rajkumar, S and Mir, Zameer Muzaffar and Bardhan, Puja},
	journal={International Journal of Computer Applications},
	volume={79},
	number={2},
	year={2013},
	publisher={Foundation of Computer Science}
}

@article{ivins1995everything,
	title={Everything you always wanted to know about snakes (but were afraid to ask)},
	author={Ivins, Jim and Porrill, John},
	journal={Artificial Intelligence},
	volume={2000},
	year={1995},
	publisher={University of Sheffield, Artificial Intelligence Vision Research Unit}
}

@article{gonzalez2002digital,
	title={Digital image processing (preview)},
	author={Gonzalez, Rafael C and Woods, Richard E},
	year={2002},
	publisher={Prentice Hall}
}

@book{tyagi2018understanding,
	title={Understanding digital image processing},
	author={Tyagi, Vipin},
	year={2018},
	publisher={CRC Press}
}

@book{ratna2018rancang,
	title={BUKU PANDUAN : RANCANG BANGUN APLIKASI MOBILE ANDROID SEBAGAI ALAT DETEKSI WARNA DASAR LUKA DALAM MEMBANTU PROSES PENGKAJIAN LUKA KRONIS DENGAN NEKROSIS},
	author={Ratna Aryani, Muhammad Yusro,M. Eka Suryana, Imam Firmansyah},
	year={2018},
	publisher={CRC Press}
}

@article{nugraheny2015metode,
	title={Metode Nilai Jarak guna Kesamaan atau Kemiripan Ciri suatu Citra (kasus deteksi awan cumulonimbus menggunakan principal component analysis)},
	author={Nugraheny, Dwi},
	journal={Angkasa: Jurnal Ilmiah Bidang Teknologi},
	volume={7},
	number={2},
	pages={21--30},
	year={2015}
}

@article{sara2019image,
	title={Image quality assessment through FSIM, SSIM, MSE and PSNRâ€”a comparative study},
	author={Sara, Umme and Akter, Morium and Uddin, Mohammad Shorif},
	journal={Journal of Computer and Communications},
	volume={7},
	number={3},
	pages={8--18},
	year={2019},
	publisher={Scientific Research Publishing}
}

@article{kumar2016gray,
	title={Gray Level to RGB Using YcbCr Color Space Technique},
	author={Kumar, R Vijaya and Raju, K Prudvi and Kumar, L Ravi and Kumar, MJ},
	journal={Int. J. Comput. Appl},
	volume={147},
	pages={25--28},
	year={2016}
}

@article{ickhsan2020implementasi,
	title={Implementasi Metode Segmentasi Active Contour Untuk Memperjelas Tepi Pada Citra Penyakit Paru--Paru},
	author={Ickhsan, Muhammad},
	journal={Pelita Informatika: Informasi dan Informatika},
	volume={8},
	number={3},
	pages={357--360},
	year={2020}
}

@article{carrion2022automatic,
	title={Automatic wound detection and size estimation using deep learning algorithms},
	author={Carri{\'o}n, H{\'e}ctor and Jafari, Mohammad and Bagood, Michelle Dawn and Yang, Hsin-ya and Isseroff, Roslyn Rivkah and Gomez, Marcella},
	journal={PLoS computational biology},
	volume={18},
	number={3},
	pages={e1009852},
	year={2022},
	publisher={Public Library of Science San Francisco, CA USA}
}

@article{amirullah2015metode,
	title={Metode Penelitian Manajemen},
	author={Amirullah, SM},
	journal={Malang: Bayumedia Publishing Malang},
	year={2015}
}

@article{permata2015penggunaan,
	title={Penggunaan metode active contour untuk segmentasi parasit malaria Plasmodium falciparum},
	author={Permata, Endi},
	journal={Simetris: Jurnal Teknik Mesin, Elektro dan Ilmu Komputer},
	volume={6},
	number={1},
	pages={163--174},
	year={2015}
}

@article{fadillah2019segmentasi,
	title={Segmentasi Citra Ct Scan Paru-Paru Dengan Menggunakan Metode Active Contour},
	author={Fadillah, Nurul and Gunawan, Chicha Rizka},
	journal={JURIKOM (Jurnal Riset Komputer)},
	volume={6},
	number={2},
	pages={126--132},
	year={2019}
}

@article{constantia2019estimasi,
	title={Estimasi bobot sapi berdasarkan registrasi citra digital dengan metode geometric active contour dan klasifikasi decision tree},
	author={Constantia, Elline and Hidayat, Bambang and others},
	journal={eProceedings of Engineering},
	volume={6},
	number={1},
	year={2019}
}

@article{hemalatha2018active,
	title={Active contour based segmentation techniques for medical image analysis},
	author={Hemalatha, RJ and Thamizhvani, T and Dhivya, A Josephin Arockia and Joseph, Josline Elsa and Babu, Bincy and Chandrasekaran, R},
	journal={Medical and Biological Image Analysis},
	volume={4},
	number={17},
	pages={2},
	year={2018},
	publisher={IntechOpen London, UK}
}

@article{hemalatha2018active,
	title={Active contour based segmentation techniques for medical image analysis},
	author={Hemalatha, RJ and Thamizhvani, T and Dhivya, A Josephin Arockia and Joseph, Josline Elsa and Babu, Bincy and Chandrasekaran, R},
	journal={Medical and Biological Image Analysis},
	volume={4},
	number={17},
	pages={2},
	year={2018},
	publisher={IntechOpen London, UK}
}

@misc{rgb2gray,
	title = {{scikit-image} RGB to grayscale},
	howpublished = {\url{http:https://scikit-image.org/docs/0.19.x/auto_examples/color_exposure/plot_rgb_to_gray.html}},
	note = {Accessed: 2022-08-05}
}

@Misc{john_page,
	Author = "John D Page",
	Title = "Algorithm to draw circles and ellipses",
	howpublished = {\url{https://www.mathopenref.com/coordcirclealgorithm.html}},
	Note = {Accessed: 2022-08-05},
	year = 2011
}

@misc{acm,
	title = {{scikit-image} active contour model},
	howpublished = {\url{https://github.com/scikit-image/scikit-image/blob/v0.19.2/skimage/segmentation/active_contour_model.py}},
	note = {Accessed: 2022-08-05}
}

@misc{rbs,
	title = {{scipy} Bivariate spline approximation over a rectangular mesh},
	howpublished = {\url{https://docs.scipy.org/doc/scipy/reference/generated/scipy.interpolate.RectBivariateSpline.html}},
	note = {Accessed: 2022-08-05}
}

@book{gay1992research,
	title={Research methods for business and management},
	author={Gay, Lorraine R and Diehl, PL},
	year={1992},
	publisher={Macmillan Coll Division},
	page={146}
}

@book{fraenkel2012design,
	title={How to design and evaluate research in education},
	author={Fraenkel, Jack R and Wallen, Norman E and Hyun, Helen H},
	volume={7},
	year={2012},
	publisher={McGraw-hill New York}
	page={92}
}

@book{william1997numerical,
	title={Numerical Recipes in C : The Art of Scientific Computing},
	author={William H. Press, Saul A. Teukolsky, William T. Vetterling and Brian P. Flannery},,
	year={1997},
	publisher={Cambridge University Press New York}
	page={123-128}
}